@misc{GitHubJets,
	note = {[Online; accessed 2024-05-02]},
	author = {Vranovsky, Michal},
	year = {2024},
	month = {5},
	title = {Jets in pp at the {LHC}},
	url = {https://github.com/mvranovsky/JetsAtLHC}
}

@article{Cunqueiro_2022,
   title={{Studying the QGP with Jets at the LHC and RHIC}},
   volume={124},
   ISSN={0146-6410},
   url={http://dx.doi.org/10.1016/j.ppnp.2022.103940},
   DOI={10.1016/j.ppnp.2022.103940},
   journal={Progress in Particle and Nuclear Physics},
   publisher={Elsevier BV},
   author={Cunqueiro, Leticia and Sickles, Anne M.},
   year={2022},
   month=may, pages={103940} }

@article{hagedorn,
    author = "Hagedorn, R.",
    title = "{Statistical thermodynamics of strong interactions at high-energies}",
    reportNumber = "CERN-TH-520",
    journal = "Nuovo Cim. Suppl.",
    volume = "3",
    pages = "147--186",
    year = "1965"
}
@book{L2016Radioactivity,
	author = {L'Annunziata, M. F.},
	year = {2016},
	month = {may 13},
	publisher = {Elsevier},
	title = {Radioactivity},
}
@misc{casalderreysolana2007introductory,
      title={Introductory lectures on jet quenching in heavy ion collisions}, 
      author={Jorge Casalderrey-Solana and Carlos A. Salgado},
      year={2007},
      eprint={0712.3443},
      archivePrefix={arXiv},
      primaryClass={hep-ph}
}

@misc{PythiaPythia,
	note = {[Online; accessed 2024-05-04]},
	author = {{Pythia collaboration}},
	title = {Pythia 8},
	howpublished = {https://pythia.org/},
}

@misc{CERN2018ROOT,
	note = {[Online; accessed 2024-05-10]},
	author = {{CERN}},
	year = {2018},
	title = {ROOT user's guide},
	howpublished = {https://root.cern.ch/root/htmldoc/guides/users-guide/ROOTUsersGuideA4.pdf},
}

@article{pythiaSjostrand,
   title={{The Pythia event generator: Past, present and future}},
   volume={246},
   ISSN={0010-4655},
   url={http://dx.doi.org/10.1016/j.cpc.2019.106910},
   DOI={10.1016/j.cpc.2019.106910},
   journal={Computer Physics Communications},
   publisher={Elsevier BV},
   author={Sjöstrand, Torbjörn},
   year={2020},
   month=jan, pages={106910} }

@misc{Pythia2022comprehensive,
	note = {[Online; accessed 2024-05-10]},
	author = {{Pythia collaboration}},
	year = {2022},
	title = {A comprehensive guide to the physics and usage of {Pythia} 8.3},
	howpublished = {https://pythia.org/download/pdf/pythia8300.pdf},
}


@misc{FastJet2011FastJet,
	note = {[Online; accessed 2024-05-10]},
	author = {{FastJet collaboration}},
	year = {2011},
	title = {FastJet user manual},
	howpublished = {https://fastjet.fr/repo/fastjet-doc-3.4.2.pdf},
}

@article{Tseng_2013,
   title={Sequential recombination algorithm for jet clustering and background subtraction},
   volume={88},
   ISSN={1550-2368},
   url={http://dx.doi.org/10.1103/PhysRevD.88.014044},
   DOI={10.1103/physrevd.88.014044},
   number={1},
   journal={Physical Review D},
   publisher={American Physical Society (APS)},
   author={Tseng, Jeff and Evans, Hannah},
   year={2013},
   month=jul }

@inproceedings{Catani:2000xqw,
    author = "Catani, S. and Zeppenfeld, D.",
    title = "{Jet Algorithms}",
    booktitle = "{1st Les Houches Workshop on Physics at TeV Colliders}",
    pages = "132--140",
    month = "5",
    year = "2000"
}

@article{jetSTAR,
  title = {Evidence from $d+\mathrm{A}\mathrm{u}$ Measurements for Final-State Suppression of High-${p}_{T}$ Hadrons in $\mathrm{A}\mathrm{u}+\mathrm{A}\mathrm{u}$ Collisions at RHIC},
  author = {{Adams, J. et al (STAR collaboration)}},
  collaboration = {STAR Collaboration},
  journal = {Phys. Rev. Lett.},
  volume = {91},
  issue = {7},
  pages = {072304},
  numpages = {6},
  year = {2003},
  month = {Aug},
  publisher = {American Physical Society},
  doi = {10.1103/PhysRevLett.91.072304},
  url = {https://link.aps.org/doi/10.1103/PhysRevLett.91.072304}
}

@misc{CMS,
	author = {{S. Chatrchyan et al (CMS collaboration)}},
	year = {2011},
	month = {aug 12},
	title = {Observation and studies of jet quenching in {PbPb} collisions {atsNN}=2.76TeV},
	url = {https://doi.org/10.1103/PhysRevC.84.024906},
	volume = {84},
}